<?xml version="1.0" encoding="UTF-8"?><collection><record><leader>02373ntm a2200373 a 4500</leader><controlfield tag="001">002583085</controlfield><controlfield tag="003">MiAaHDL</controlfield><controlfield tag="005">20190719000000.0</controlfield><controlfield tag="006">m        d        </controlfield><controlfield tag="007">cr bn ---auaua</controlfield><controlfield tag="008">921209s16uu    xx            00||  ara d</controlfield><datafield tag="035" ind1=" " ind2=" "><subfield code="a">(MiU)002583085</subfield></datafield><datafield tag="035" ind1=" " ind2=" "><subfield code="a">sdr-miu002583085</subfield></datafield><datafield tag="035" ind1=" " ind2=" "><subfield code="a">(RLIN)MIUH92-A34</subfield></datafield><datafield tag="040" ind1=" " ind2=" "><subfield code="a">MiU</subfield><subfield code="c">MiU</subfield><subfield code="e">appm</subfield><subfield code="d">MiU</subfield></datafield><datafield tag="100" ind1="1" ind2=" "><subfield code="6">880-01</subfield><subfield code="a">Abū al-Qāsim al-Balkhī, Nūr al-Dīn,</subfield><subfield code="d">10th cent.</subfield></datafield><datafield tag="240" ind1="1" ind2="0"><subfield code="6">880-02</subfield><subfield code="a">Kitāb al-madkhal fī ʻilm al-nujūm</subfield></datafield><datafield tag="245" ind1="1" ind2="0"><subfield code="6">880-03</subfield><subfield code="a">Kitāb fī ʻilm al-hayʾah :</subfield><subfield code="k">manuscript,</subfield><subfield code="f">[17th century?] /</subfield><subfield code="c">lil-shaykh al-ʻallāmah al-fāḍil ʻAlī ibn Aḥmad al-Balkhī.</subfield></datafield><datafield tag="300" ind1=" " ind2=" "><subfield code="a">1</subfield><subfield code="f">v. ([62] p.) :</subfield><subfield code="b">ill. ;</subfield><subfield code="c">21 cm.</subfield></datafield><datafield tag="500" ind1=" " ind2=" "><subfield code="a">Watermarks: Three crescents; initials W+W. For the first see Edward Heawood, Watermarks, Mainly of the 17th and 18th Centuries (Hilversum, 1950), p. 24.</subfield></datafield><datafield tag="500" ind1=" " ind2=" "><subfield code="a">Contains star tables and astronomical diagrams.</subfield></datafield><datafield tag="500" ind1=" " ind2=" "><subfield code="a">Rubrication on first 5 pp. only; marginal corrections in another hand.</subfield></datafield><datafield tag="510" ind1="4" ind2=" "><subfield code="a">GAS,</subfield><subfield code="c">v. VII, pp. 177 and 372; King, Survey, p. 42</subfield></datafield><datafield tag="520" ind1=" " ind2=" "><subfield code="a">"A treatise dealing mainly with astrology.... This work merits investigation." David A. King, A Survey of the Scientific Manuscripts in the Egyptian National Library (Winona Lake, 1986), p. 42.</subfield></datafield><datafield tag="538" ind1=" " ind2=" "><subfield code="a">Mode of access: Internet.</subfield></datafield><datafield tag="541" ind1=" " ind2=" "><subfield code="d">07/--/36</subfield><subfield code="3">Manuscript</subfield><subfield code="a">McGregor Fund</subfield><subfield code="c">Purchase, 1933/34</subfield></datafield><datafield tag="561" ind1=" " ind2=" "><subfield code="a">Purchased in Cairo, 1933/34. Owners' marks: on p. [1], owner's autograph: fī milk al-ʻabd al-faqīr ilá Allāh ʻAbd Allāh ibn Aḥmad[?] muʾadhdhin bayt Allāh ...[?]; on p. [1], milk al-faqīr al-shaykh ʻAbd Allāh ibn al-T[?]; inside cover, manuscript notes in handwriting of Max Meyerhof.</subfield></datafield><datafield tag="650" ind1=" " ind2="0"><subfield code="a">Astronomy, Arab</subfield><subfield code="y">Early works to 1800.</subfield></datafield><datafield tag="650" ind1=" " ind2="0"><subfield code="a">Astrology, Arab</subfield><subfield code="y">Early works to 1800.</subfield></datafield><datafield tag="650" ind1=" " ind2="0"><subfield code="a">Manuscripts, Arabic</subfield><subfield code="z">Michigan</subfield><subfield code="z">Ann Arbor.</subfield></datafield><datafield tag="700" ind1="1" ind2=" "><subfield code="a">Meyerhof, Max,</subfield><subfield code="d">1874-1945,</subfield><subfield code="e">former owner.</subfield></datafield><datafield tag="773" ind1="0" ind2=" "><subfield code="7">unbc</subfield><subfield code="a">Tracy W. McGregor Collection of Arabic, Persian, and Turkish Mathematical and Astronomical Manuscripts.</subfield><subfield code="w">(CStRLIN)MIUH92-A20.</subfield></datafield><datafield tag="880" ind1="1" ind2="0"><subfield code="6">245-03/</subfield><subfield code="a">كتاب في علم الهيئة :</subfield><subfield code="k">manuscript،</subfield><subfield code="f">[القرن 17م؟] /</subfield><subfield code="c">للشيخ العلامة الفاضل علي بن أحمد البلخي.</subfield></datafield><datafield tag="880" ind1="1" ind2="0"><subfield code="6">240-02/</subfield><subfield code="a">كتاب المدخل في علم النجوم</subfield></datafield><datafield tag="880" ind1="0" ind2=" "><subfield code="6">100-01/</subfield><subfield code="a">علي بن أحمد البلخي.</subfield></datafield><datafield tag="CID" ind1=" " ind2=" "><subfield code="a">002583085</subfield></datafield><datafield tag="DAT" ind1="0" ind2=" "><subfield code="a">20190719102632.0</subfield><subfield code="b">20190719000000.0</subfield></datafield><datafield tag="DAT" ind1="1" ind2=" "><subfield code="a">20190719090653.0</subfield><subfield code="b">2019-07-19T16:10:32Z</subfield></datafield><datafield tag="DAT" ind1="2" ind2=" "><subfield code="a">2015-10-02T18:00:03Z</subfield></datafield><datafield tag="CAT" ind1=" " ind2=" "><subfield code="a">SDR-MIU</subfield><subfield code="d">EX LIBRIS - ALEPH</subfield><subfield code="l">prepare.pl-004-008</subfield></datafield><datafield tag="FMT" ind1=" " ind2=" "><subfield code="a">BK</subfield></datafield><datafield tag="HOL" ind1=" " ind2=" "><subfield code="0">sdr-miu002583085</subfield><subfield code="a">MiU</subfield><subfield code="b">SDR</subfield><subfield code="c">MIU</subfield><subfield code="p">mdp.39015081446786</subfield><subfield code="s">MIU</subfield><subfield code="1">002583085</subfield></datafield><datafield tag="974" ind1=" " ind2=" "><subfield code="b">MIU</subfield><subfield code="c">MIU</subfield><subfield code="d">20190719</subfield><subfield code="s">lit-dlps-dc</subfield><subfield code="u">mdp.39015081446786</subfield><subfield code="y">1699</subfield><subfield code="r">pd</subfield><subfield code="q">bib</subfield><subfield code="t">non-US bib date1 &lt; 1879</subfield></datafield></record></collection>